%% This BibTeX bibliography file was created using BibDesk.
%% http://bibdesk.sourceforge.net/


%% Created for Javier Rodr√≠guez Samaniego at 2015-04-09 11:47:19 +0200 


%% Saved with string encoding Unicode (UTF-8) 



@article{Gil:2011cma,
	Author = {Gil, A. and Rodriguez, J. and Alvarez, V. and Diaz, J. and Gomez-Cadenas, J.J. and others},
	Date-Added = {2015-04-09 09:38:48 +0000},
	Date-Modified = {2015-04-09 09:38:48 +0000},
	Doi = {10.1109/NSSMIC.2011.6154298},
	Pages = {787-790},
	Slaccitation = {%%CITATION = INSPIRE-1252266;%%},
	Title = {{Programmable power supply system for SiPM bias}},
	Year = {2011},
	Bdsk-Url-1 = {http://dx.doi.org/10.1109/NSSMIC.2011.6154298}}

@article{Rodriguez:2015upa,
	Author = {Rodr{\'\i}guez, J. and Toledo, J. and Esteve, R. and Lorca, D. and Monrabal, F.},
	Date-Added = {2015-04-09 09:35:50 +0000},
	Date-Modified = {2015-04-09 09:35:50 +0000},
	Doi = {10.1088/1748-0221/10/01/C01025},
	Journal = {JINST},
	Number = {01},
	Pages = {C01025},
	Slaccitation = {%%CITATION = JINST,10,C01025;%%},
	Title = {{The front-end electronics for the 1.8-kchannel SiPM tracking plane in the NEW detector}},
	Volume = {10},
	Year = {2015},
	Bdsk-Url-1 = {http://dx.doi.org/10.1088/1748-0221/10/01/C01025}}

@book{ott2011electromagnetic,
	Author = {Ott, H.W.},
	Isbn = {9781118210659},
	Publisher = {Wiley},
	Title = {Electromagnetic Compatibility Engineering},
	Url = {http://books.google.es/books?id=2-4WJKxzzigC},
	Year = {2011},
	Bdsk-Url-1 = {http://books.google.es/books?id=2-4WJKxzzigC}}

@book{1993high,
	Author = {Johnson, H.W. and Graham, M.},
	Isbn = {9788131714126},
	Publisher = {Pearson Education},
	Title = {High Speed Digital Design: A Handbook Of Black Magic},
	Url = {http://books.google.es/books?id=yTyGKJHvfDQC},
	Year = {1993},
	Bdsk-Url-1 = {http://books.google.es/books?id=yTyGKJHvfDQC}}

@article{GomezCadenas:2011it,
	Archiveprefix = {arXiv},
	Author = {Gomez-Cadenas, J.J. and Martin-Albo, J. and Mezzetto, M. and Monrabal, F. and Sorel, M.},
	Doi = {10.1393/ncr/i2012-10074-9},
	Eprint = {1109.5515},
	Journal = {Riv.Nuovo Cim.},
	Pages = {29-98},
	Primaryclass = {hep-ex},
	Slaccitation = {%%CITATION = ARXIV:1109.5515;%%},
	Title = {{The Search for neutrinoless double beta decay}},
	Volume = {35},
	Year = {2012},
	Bdsk-Url-1 = {http://dx.doi.org/10.1393/ncr/i2012-10074-9}}

@article{GomezCadenas:2011ac,
	Archiveprefix = {arXiv},
	Author = {Gomez-Cadenas, J.J. and Guinea, F. and Fogler, M.M. and Katsnelson, M.I. and Martin-Albo, J. and others},
	Doi = {10.1088/1475-7516/2012/02/037},
	Eprint = {1110.6133},
	Journal = {JCAP},
	Pages = {037},
	Primaryclass = {physics.ins-det},
	Slaccitation = {%%CITATION = ARXIV:1110.6133;%%},
	Title = {{GraXe, graphene and xenon for neutrinoless double beta decay searches}},
	Volume = {1202},
	Year = {2012},
	Bdsk-Url-1 = {http://dx.doi.org/10.1088/1475-7516/2012/02/037}}

@article{Alvarez:2012ub,
	Archiveprefix = {arXiv},
	Author = {Alvarez, V. and Agramunt, J. and Ball, M. and Batalle, M. and Bayarri, J. and others},
	Doi = {10.1088/1748-0221/7/02/P02010},
	Eprint = {1201.2018},
	Journal = {JINST},
	Pages = {P02010},
	Primaryclass = {physics.ins-det},
	Slaccitation = {%%CITATION = ARXIV:1201.2018;%%},
	Title = {{SiPMs coated with TPB : coating protocol and characterization for NEXT}},
	Volume = {7},
	Year = {2012},
	Bdsk-Url-1 = {http://dx.doi.org/10.1088/1748-0221/7/02/P02010}}

@article{Alvarez:2012sma,
	Archiveprefix = {arXiv},
	Author = {Alvarez, V. and others},
	Collaboration = {NEXT Collaboration},
	Doi = {10.1088/1748-0221/7/06/T06001},
	Eprint = {1202.0721},
	Journal = {JINST},
	Pages = {T06001},
	Primaryclass = {physics.ins-det},
	Slaccitation = {%%CITATION = ARXIV:1202.0721;%%},
	Title = {{NEXT-100 Technical Design Report (TDR): Executive Summary}},
	Volume = {7},
	Year = {2012},
	Bdsk-Url-1 = {http://dx.doi.org/10.1088/1748-0221/7/06/T06001}}

@article{Alvarez:2012haa,
	Archiveprefix = {arXiv},
	Author = {Alvarez, V. and others},
	Collaboration = {NEXT-100 Collaboration},
	Eprint = {1206.6199},
	Primaryclass = {physics.ins-det},
	Slaccitation = {%%CITATION = ARXIV:1206.6199;%%},
	Title = {{Design and characterization of the SiPM tracking system of the NEXT-100 demonstrator}},
	Year = {2012}}

@article{Monrabal:2012gi,
	Author = {Monrabal, F.},
	Collaboration = {NEXT Collaboration},
	Doi = {10.1088/1742-6596/375/1/042019},
	Journal = {J.Phys.Conf.Ser.},
	Pages = {042019},
	Slaccitation = {%%CITATION = 00462,375,042019;%%},
	Title = {{Discovering neutrinoless double beta decay with NEXT100 detector}},
	Volume = {375},
	Year = {2012},
	Bdsk-Url-1 = {http://dx.doi.org/10.1088/1742-6596/375/1/042019}}

@article{GomezCadenas:2012jv,
	Archiveprefix = {arXiv},
	Author = {Gomez-Cadenas, J.J. and Martin-Albo, J. and Monrabal, F.},
	Doi = {10.1088/1748-0221/7/11/C11007},
	Eprint = {1210.0341},
	Journal = {JINST},
	Pages = {C11007},
	Primaryclass = {physics.ins-det},
	Slaccitation = {%%CITATION = ARXIV:1210.0341;%%},
	Title = {{NEXT, high-pressure xenon gas experiments for ultimate sensitivity to Majorana neutrinos}},
	Volume = {7},
	Year = {2012},
	Bdsk-Url-1 = {http://dx.doi.org/10.1088/1748-0221/7/11/C11007}}

@article{Lorca:2012dv,
	Archiveprefix = {arXiv},
	Author = {Lorca, D. and Martin-Albo, J. and Monrabal, F.},
	Collaboration = {NEXT Collaboration},
	Doi = {10.1016/j.nima.2012.10.048},
	Eprint = {1210.4020},
	Journal = {Nucl.Instrum.Meth.},
	Pages = {387-390},
	Primaryclass = {physics.ins-det},
	Slaccitation = {%%CITATION = ARXIV:1210.4020;%%},
	Title = {{The NEXT experiment: A high pressure xenon gas TPC for neutrinoless double beta decay searches}},
	Volume = {A718},
	Year = {2013},
	Bdsk-Url-1 = {http://dx.doi.org/10.1016/j.nima.2012.10.048}}

@article{Alvarez:2012as,
	Archiveprefix = {arXiv},
	Author = {Alvarez, V. and Bandac, I. and Bettini, A. and Borges, F.I.G.M. and Carcel, S. and others},
	Doi = {10.1088/1748-0221/8/01/T01002},
	Eprint = {1211.3961},
	Journal = {JINST},
	Pages = {T01002},
	Primaryclass = {physics.ins-det},
	Slaccitation = {%%CITATION = ARXIV:1211.3961;%%},
	Title = {{Radiopurity control in the NEXT-100 double beta decay experiment: procedures and initial measurements}},
	Volume = {8},
	Year = {2013},
	Bdsk-Url-1 = {http://dx.doi.org/10.1088/1748-0221/8/01/T01002}}

@article{Alvarez:2012hu,
	Archiveprefix = {arXiv},
	Author = {Alvarez, V. and others},
	Collaboration = {NEXT Collaboration},
	Doi = {10.1088/1748-0221/8/05/P05025},
	Eprint = {1211.4508},
	Journal = {JINST},
	Pages = {P05025},
	Primaryclass = {physics.ins-det},
	Slaccitation = {%%CITATION = ARXIV:1211.4508;%%},
	Title = {{Ionization and scintillation response of high-pressure xenon gas to alpha particles}},
	Volume = {8},
	Year = {2013},
	Bdsk-Url-1 = {http://dx.doi.org/10.1088/1748-0221/8/05/P05025}}

@article{Alvarez:2012iua,
	Archiveprefix = {arXiv},
	Author = {Alvarez, V. and others},
	Collaboration = {NEXT Collaboration},
	Eprint = {1211.4409},
	Primaryclass = {physics.ins-det},
	Slaccitation = {%%CITATION = ARXIV:1211.4409;%%},
	Title = {{In-situ calibration of a PMT inside a scintillation detector by means of primary scintillation detection}},
	Year = {2012}}

@article{Alvarez:2012kua,
	Archiveprefix = {arXiv},
	Author = {Alvarez, V. and others},
	Collaboration = {NEXT Collaboration},
	Doi = {10.1016/j.nima.2012.12.123},
	Eprint = {1211.4474},
	Journal = {Nucl.Instrum.Meth.},
	Pages = {101-114},
	Primaryclass = {physics.ins-det},
	Slaccitation = {%%CITATION = ARXIV:1211.4474;%%},
	Title = {{Near-Intrinsic Energy Resolution for 30 to 662 keV Gamma Rays in a High Pressure Xenon Electroluminescent TPC}},
	Volume = {A708},
	Year = {2013},
	Bdsk-Url-1 = {http://dx.doi.org/10.1016/j.nima.2012.12.123}}

@article{Alvarez:2012xda,
	Archiveprefix = {arXiv},
	Author = {Alvarez, V. and others},
	Collaboration = {NEXT Collaboration},
	Doi = {10.1088/1748-0221/8/04/P04002},
	Eprint = {1211.4838},
	Journal = {JINST},
	Pages = {P04002},
	Primaryclass = {physics.ins-det},
	Slaccitation = {%%CITATION = ARXIV:1211.4838;%%},
	Title = {{Initial results of NEXT-DEMO, a large-scale prototype of the NEXT-100 experiment}},
	Volume = {8},
	Year = {2013},
	Bdsk-Url-1 = {http://dx.doi.org/10.1088/1748-0221/8/04/P04002}}

@article{Esteve:2012hy,
	Author = {Esteve, R. and Toledo, J. and Monrabal, F. and Lorca, D. and Serra, L. and others},
	Doi = {10.1088/1748-0221/7/12/C12001},
	Journal = {JINST},
	Pages = {C12001},
	Slaccitation = {%%CITATION = JINST,7,C12001;%%},
	Title = {{The trigger system in the NEXT-DEMO detector}},
	Volume = {7},
	Year = {2012},
	Bdsk-Url-1 = {http://dx.doi.org/10.1088/1748-0221/7/12/C12001}}

@article{Gil:2012sr,
	Author = {Gil, A. and Diaz, J. and Gomez-Cadenas, J.J. and Herrero, V. and Rodriguez, J. and others},
	Doi = {10.1016/j.nima.2011.11.024},
	Journal = {Nucl.Instrum.Meth.},
	Pages = {407-409},
	Slaccitation = {%%CITATION = NUIMA,A695,407;%%},
	Title = {{Front-end electronics for accurate energy measurement of double beta decays}},
	Volume = {A695},
	Year = {2012},
	Bdsk-Url-1 = {http://dx.doi.org/10.1016/j.nima.2011.11.024}}

@article{Alvarez:2013gxa,
	Archiveprefix = {arXiv},
	Author = {\'Alvarez, V. and others},
	Collaboration = {NEXT},
	Doi = {10.1088/1748-0221/8/09/P09011},
	Eprint = {1306.0471},
	Journal = {JINST},
	Pages = {P09011},
	Primaryclass = {physics.ins-det},
	Slaccitation = {%%CITATION = ARXIV:1306.0471;%%},
	Title = {{Operation and first results of the NEXT-DEMO prototype using a silicon photomultiplier tracking array}},
	Volume = {8},
	Year = {2013},
	Bdsk-Url-1 = {http://dx.doi.org/10.1088/1748-0221/8/09/P09011}}

@article{Gomez-Cadenas:2013lta,
	Archiveprefix = {arXiv},
	Author = {Gomez-Cadenas, J.J. and others},
	Collaboration = {NEXT Collaboration},
	Eprint = {1307.3914},
	Primaryclass = {physics.ins-det},
	Reportnumber = {IFIC-13-46},
	Slaccitation = {%%CITATION = ARXIV:1307.3914;%%},
	Title = {{Present status and future perspectives of the NEXT experiment}},
	Year = {2013}}

@article{Alvarez:2013oha,
	Archiveprefix = {arXiv},
	Author = {{\'A}lvarez, V. and others},
	Collaboration = {NEXT Collaboration},
	Eprint = {1311.3242},
	Primaryclass = {physics.ins-det},
	Slaccitation = {%%CITATION = ARXIV:1311.3242;%%},
	Title = {{Description and commissioning of NEXT-MM prototype: first results from operation in a Xenon-Trimethylamine gas mixture}},
	Year = {2013}}

@article{Alvarez:2013kqa,
	Archiveprefix = {arXiv},
	Author = {Alvarez, V. and others},
	Collaboration = {The NEXT collaboration},
	Eprint = {1311.3535},
	Primaryclass = {physics.ins-det},
	Slaccitation = {%%CITATION = ARXIV:1311.3535;%%},
	Title = {{Characterization of a medium size Xe/TMA TPC instrumented with microbulk Micromegas, using low-energy $\gamma$-rays}},
	Year = {2013}}

@article{Alvarez:2012nd,
	Archiveprefix = {arXiv},
	Author = {\'Alvarez, V. and others},
	Collaboration = {NEXT},
	Eprint = {1211.4838},
	Primaryclass = {physics.ins-det},
	Slaccitation = {%%CITATION = ARXIV:1211.4474;%%},
	Title = {{Initial results of NEXT-DEMO, a large-scale prototype of the NEXT-100 experiment}},
	Year = {2012}}

@article{Lorca:2014sra,
	Archiveprefix = {arXiv},
	Author = {Lorca, D. and others},
	Collaboration = {NEXT Collaboration},
	Doi = {10.1088/1748-0221/9/10/P10007},
	Eprint = {1407.3966},
	Journal = {JINST},
	Number = {10},
	Pages = {P10007},
	Primaryclass = {physics.ins-det},
	Slaccitation = {%%CITATION = ARXIV:1407.3966;%%},
	Title = {{Characterisation of NEXT-DEMO using xenon K$_{\alpha}$ X-rays}},
	Volume = {9},
	Year = {2014},
	Bdsk-Url-1 = {http://dx.doi.org/10.1088/1748-0221/9/10/P10007}}

@article{Herrero:2012sa,
	Author = {Herrero, V. and Toledo, J. and Catala, J.M. and Esteve, R. and Gil, A. and others},
	Doi = {10.1016/j.nima.2011.12.057},
	Journal = {Nucl.Instrum.Meth.},
	Pages = {229-232},
	Slaccitation = {%%CITATION = NUIMA,A695,229;%%},
	Title = {{Readout electronics for the SiPM tracking plane in the NEXT-1 prototype}},
	Volume = {A695},
	Year = {2012},
	Bdsk-Url-1 = {http://dx.doi.org/10.1016/j.nima.2011.12.057}}
